@misc{ntpv4_standard,
        author    = "{D. Mills et.al.}",
        title     = "{Network Time Protocol Version 4: Protocol and Algorithms Specification}",
        howpublished = "{Request for Comments: 5905}",
}
